@Manual{hockeyR,
    title = {hockeyR: Collect and Clean Hockey Stats},
    author = {Daniel Morse},
    year = {2023},
    note = {R package version 1.3.1},
    url = {https://github.com/danmorse314/hockeyR},
  }

@mastersthesis{Psadjl,
  author = {Erin Psadjl},
  title = {Thesis Title},
  school = {University of Oklahoma},
  year = {2021},
  address = {Norman, Oklahoma},
  month = {May}
}

@book{moneyball,
  author = {Lewis, Michael},
  title = {Moneyball: The Art of Winning an Unfair Game},
  publisher = {W. W. Norton \& Company},
  year = {2003},
  address = {New York},
  isbn = {978-0393057652}
}

@book{statshot,
  author = {Vollman, Rob and Awad, Tom and Fyffe, Iain},
  title = {Stat Shot: The Ultimate Guide to Hockey Analytics},
  publisher = {Viking},
  year = {2016},
  address = {New York},
  isbn = {978-0670069445}
}

% more sources to come
